@online{Udacity-P1-Stroop,
  author = {Udacity},
  title  = {Statistics: The Science of Decisions - Project Instructions},
  year   = {2015},
  month  = {11},
  url    = {https://docs.google.com/document/d/1-OkpZLjG_kX9J6LIQ5IltsqMzVWjh36QpnP2RYpVdPU/pub},
  keywords = {Udacity}
}

@online{Udacity-P1-rubrick,
  author = {Udacity},
  title  = {Statistics: The Science of Decisions Project Rubric},
  year   = {2015},
  month  = {11},
  url    = {https://docs.google.com/document/d/1-OkpZLjG_kX9J6LIQ5IltsqMzVWjh36QpnP2RYpVdPU/pub},
  keywords = {Udacity}
}

@online{PANDAS-csv,
  author = {PANDAS},
  title  = {pandas.read\_csv},
  year   = {2015},
  month  = {11},
  url    = {http://pandas.pydata.org/pandas-docs/stable/io.html\#io-read-csv-table},
  keywords   = {PANDAS}
}

@online{PANDAS-to-latex,
  author = {PANDAS},
  title  = {pandas.DataFrame.to\_latex},
  year   = {2015},
  month  = {11},
  url    = {http://pandas.pydata.org/pandas-docs/version/0.17.0/generated/pandas.DataFrame.to_latex.html},
  note   = {PANDAS, Python},
  keywords   = {PANDAS}
}

@online{PANDAS-describe-df,
  author = {PANDAS},
  title  = {pandas.DataFrame.describe},
  year   = {2015},
  month  = {11},
  url    = {http://pandas.pydata.org/pandas-docs/version/0.17.0/generated/pandas.DataFrame.describe.html},
  note   = {PANDAS, Python},
  keywords   = {PANDAS}
}

@online{Matplotlib-bar,
  author = {Matplotlib},
  title  = {pylab\_examples example code: barchart\_demo.py},
  year   = {2015},
  month  = {11},
  url    = {http://matplotlib.org/examples/pylab_examples/barchart_demo.html},
  note   = {matplotlib, Python},
  keywords = {Matplotlib}
}

@online{Matplotlib-pdf,
  author = {Matplotlib},
  title  = {matplotlib.backends.backend\_pdf},
  year   = {2015},
  month  = {11},
  url    = {http://matplotlib.org/api/backend_pdf_api.html},
  keywords   = {Matplotlib}
}

@online{Matplotlib-pyplot,
  author = {Matplotlib},
  title  = {pyplot: matplotlib.pyplot: Provides a MATLAB-like plotting framework.},
  year   = {2015},
  month  = {11},
  url    = {http://matplotlib.org/api/pyplot_api.html},
  keywords   = {Matplotlib}
}

@online{Matplotlib-legend-transparent,
  author = {ssstuvz},
  title  = {Transparent legend for plots in matplotlib},
  year   = {2013},
  month  = {12},
  url    = {https://rykovanov.wordpress.com/2013/12/13/transparent-legend-for-plots-in-matplotlib},
  keywords   = {Matplotlib}
}
@online{Matplotlib-colors,
  author = {Matplotlib},
  title  = {colors: For a visual representation of the matplotlib colormaps, see the “Color” section in the gallery.},
  year   = {2015},
  month  = {11},
  url    = {http://matplotlib.org/api/colors_api.html},
  keywords   = {Matplotlib}
}
@online{Matplotlib-LaTeX,
  author = {Matplotlib},
  title  = {Text rendering With LaTeX Matplotlib has the option to use LaTeX to manage all text layout.},
  year   = {2015},
  month  = {11},
  url    = {http://matplotlib.org/users/usetex.html},
  keywords   = {Matplotlib}
}

@online{Python-comprehension,
  author = {Python Software Foundation},
  title  = {5. Data Structures},
  year   = {2015},
  month  = {9},
  url    = {https://docs.python.org/3/tutorial/datastructures.html#list-comprehensions},
  keywords   = {Matplotlib}
}

@online{Scipy-ttest-rel,
  author = {SciPy developers},
  title  = {scipy.stats.ttest\_rel},
  year   = {2015},
  url    = {http://docs.scipy.org/doc/scipy-0.16.0/reference/generated/scipy.stats.ttest_rel.html},
  keywords   = {SciPy}
}

@online{LaTeX-listings-python,
  author = {Daniel Widerin},
  title  = {Syntax highlighting for Python scripts in LaTeX documents},
  year   = {2013},
  url    = {http://widerin.net/blog/syntax-highlighting-for-python-scripts-in-latex-documents},
  keywords   = {LaTeX}
}

@online{Stroop-background,
  author = {Rochester Institute of Technology},
  title  = {BACKGROUND ON THE STROOP EFFECT},
  year   = {2015},
  url    = {https://www.rit.edu/cla/gssp400/sbackground.html},
  keywords   = {statistics}
}

@online{Stroop-wikipedia,
  author = {Wikimedia Foundation},
  title  = {Stroop effect},
  year   = {2015},
  url    = {https://en.wikipedia.org/wiki/Stroop_effect},
  keywords   = {statistics}
}

@online{Stroop-dyslexia,
  author = {Faccioli, C and Peru, A and Rubini, E and Tassinari, G},
  title  = {Poor readers but compelled to read: Stroop effects in developmental dyslexia},
  year   = {2013},
  url    = {http://www.ncbi.nlm.nih.gov/pubmed/17852135},
  keywords   = {statistics}
}

@book{jackson2011research,
  title={Research Methods and Statistics: A Critical Thinking Approach},
  author={Jackson, S.},
  isbn={9781111346553},
  lccn={2011921416},
  url={https://books.google.com/books?id=YXHuw\_aIIgYC},
  year={2011},
  publisher={Cengage Learning},
  keywords={statistics}
}

@ARTICLE{Brain-to-text,
  AUTHOR={Herff, Christian  and  Heger, Dominic  and  de Pesters, Adriana  and  Telaar, Dominic  and  Brunner, Peter  and  Schalk, Gerwin  and  Schultz, Tanja},   
  TITLE={Brain-to-text: Decoding spoken phrases from phone representations in the brain},      
  JOURNAL={Frontiers in Neuroscience},      
  VOLUME={9},      
  YEAR={2015},      
  NUMBER={217},     
  URL={http://www.frontiersin.org/neural_technology/10.3389/fnins.2015.00217/abstract},       
    DOI={10.3389/fnins.2015.00217},      
  ISSN={1662-453X},
  keywords={other}
} 

